<?xml version="1.0" encoding="UTF-8"?><collection xmlns="http://www.loc.gov/MARC21/slim"><record><leader>00423nam--2200133-i-4500</leader><controlfield tag="001">000009445</controlfield><controlfield tag="002">20161230</controlfield><controlfield tag="005">20161230201028</controlfield><controlfield tag="008">060222s1000------------r-----000-0-eng-d</controlfield><datafield ind1=" " ind2=" " tag="245"><subfield code="a">Computer processing in communications</subfield></datafield><datafield ind1=" " ind2=" " tag="260"><subfield code="a">Brooklyn, Polytechnic Press, 1970 Xxi + 850 P.  (Cu Fig.)</subfield></datafield><datafield ind1=" " ind2=" " tag="490"><subfield code="a">Polytechnic Institute Of Brooklyn, Microwave Research Institute, Symposia Series</subfield></datafield><datafield ind1=" " ind2=" " tag="700"><subfield code="a">Jerome Fox</subfield></datafield><datafield ind1=" " ind2=" " tag="852"><subfield code="a">15648</subfield></datafield></record></collection>